@article{ganta2008review,
  title={A review of stimuli-responsive nanocarriers for drug and gene delivery},
  author={Ganta, Srinivas and Devalapally, Harikrishna and Shahiwala, Aliasgar and Amiji, Mansoor},
  journal={Journal of controlled release},
  volume={126},
  number={3},
  pages={187--204},
  year={2008},
  publisher={Elsevier}
}

@article{parveen2012nanoparticles,
  title={Nanoparticles: a boon to drug delivery, therapeutics, diagnostics and imaging},
  author={Parveen, Suphiya and Misra, Ranjita and Sahoo, Sanjeeb K},
  journal={Nanomedicine: Nanotechnology, Biology and Medicine},
  volume={8},
  number={2},
  pages={147--166},
  year={2012},
  publisher={Elsevier}
}

@article{sun2014engineered,
  title={Engineered nanoparticles for drug delivery in cancer therapy},
  author={Sun, Tianmeng and Zhang, Yu Shrike and Pang, Bo and Hyun, Dong Choon and Yang, Miaoxin and Xia, Younan},
  journal={Angewandte Chemie International Edition},
  volume={53},
  number={46},
  pages={12320--12364},
  year={2014},
  publisher={Wiley Online Library}
}